<record><leader>00000cas a22000007a 4500</leader><controlfield tag="001">26595849</controlfield><controlfield tag="008">920914c19929999ksuwr ne      0   a0eng c</controlfield><datafield ind1=" " ind2=" " tag="010"><subfield code="a">sn 92006195 </subfield></datafield><datafield ind1=" " ind2=" " tag="040"><subfield code="a">NSD</subfield><subfield code="b">eng</subfield><subfield code="c">NSD</subfield><subfield code="d">OCLCQ</subfield></datafield><datafield ind1=" " ind2=" " tag="012"><subfield code="m">1</subfield></datafield><datafield ind1="1" ind2=" " tag="022"><subfield code="a">1065-3740</subfield><subfield code="l">1065-3740</subfield><subfield code="2">1</subfield></datafield><datafield ind1=" " ind2=" " tag="032"><subfield code="a">233320</subfield><subfield code="b">USPS</subfield></datafield><datafield ind1=" " ind2=" " tag="037"><subfield code="b">The Harvey County Independent, P.O. Box 71, Halstead, KS 67056</subfield></datafield><datafield ind1=" " ind2=" " tag="042"><subfield code="a">nsdp</subfield><subfield code="a">pcc</subfield></datafield><datafield ind1=" " ind2="4" tag="222"><subfield code="a">The Harvey County independent</subfield></datafield><datafield ind1="0" ind2="4" tag="245"><subfield code="a">The Harvey County independent.</subfield></datafield><datafield ind1=" " ind2=" " tag="260"><subfield code="a">Halstead, Kan. :</subfield><subfield code="b">The Mills Pub. Co.,</subfield><subfield code="c">[1992-</subfield></datafield><datafield ind1=" " ind2=" " tag="300"><subfield code="a">v.</subfield></datafield><datafield ind1=" " ind2=" " tag="310"><subfield code="a">Weekly</subfield></datafield><datafield ind1="0" ind2=" " tag="362"><subfield code="a">Vol. 114, no. 8 (Aug. 20, 1992)-</subfield></datafield><datafield ind1=" " ind2=" " tag="580"><subfield code="a">Formed by the union of: Halstead independent (Halstead, Kan. : 1892); Burrton graphic (Burrton, Kan. : 1893); and: Sedgewick pantagraph (Sedgewick, Kan. : 1947).</subfield></datafield><datafield ind1=" " ind2=" " tag="752"><subfield code="a">United States</subfield><subfield code="b">Kansas</subfield><subfield code="c">Harvey</subfield><subfield code="d">Halstead.</subfield></datafield><datafield ind1="1" ind2="4" tag="780"><subfield code="t">Halstead independent (Halstead, Kan. : 1892)</subfield><subfield code="w">(DLC)sn 84030457</subfield><subfield code="w">(OCoLC)11586921</subfield></datafield><datafield ind1="1" ind2="4" tag="780"><subfield code="t">Burrton graphic (Burrton, Kan. : 1893)</subfield><subfield code="w">(DLC)sn 84030444</subfield><subfield code="w">(OCoLC)11566471</subfield></datafield><datafield ind1="1" ind2="4" tag="780"><subfield code="t">Sedgewick pantagraph (Sedgewick, Kan. : 1947)</subfield><subfield code="w">(DLC)sn 84030464</subfield><subfield code="w">(OCoLC)11633540</subfield></datafield></record>